<?xml version="1.0" encoding="UTF-8"?>
<collection xmlns:xsi="http://www.w3.org/2001/XMLSchema-instance" xsi:schemaLocation="http://www.loc.gov/MARC21/slim http://www.loc.gov/standards/marcxml/schema/MARC21slim.xsd" xmlns="http://www.loc.gov/MARC21/slim">
<record>
  <leader>00725cam a22002291  4500</leader>
  <controlfield tag="001">2986159</controlfield>
  <controlfield tag="003">NNC</controlfield>
  <controlfield tag="005">20150817132413.0</controlfield>
  <controlfield tag="008">010227m19501964iq            000 0 ara d</controlfield>
  <datafield tag="035" ind1=" " ind2=" ">
    <subfield code="a">(OCoLC)ocm46331789</subfield>
  </datafield>
  <datafield tag="035" ind1=" " ind2=" ">
    <subfield code="9">ASN3444CU</subfield>
  </datafield>
  <datafield tag="035" ind1=" " ind2=" ">
    <subfield code="a">(NNC)2986159</subfield>
  </datafield>
  <datafield tag="040" ind1=" " ind2=" ">
    <subfield code="a">ZCU</subfield>
    <subfield code="c">ZCU</subfield>
  </datafield>
  <datafield tag="090" ind1=" " ind2=" ">
    <subfield code="a">PJ7832.I435</subfield>
    <subfield code="b">D59</subfield>
  </datafield>
  <datafield tag="100" ind1="1" ind2=" ">
    <subfield code="a">Ḥillī, Ḥaydar,</subfield>
    <subfield code="d">1831-1887.</subfield>
  </datafield>
  <datafield tag="240" ind1="1" ind2="0">
    <subfield code="a">Poems</subfield>
  </datafield>
  <datafield tag="245" ind1="1" ind2="0">
    <subfield code="a">Dīwān al-Sayyid Ḥaydar al-Ḥillī,</subfield>
    <subfield code="c">ʻuniya bi-nashrihī wa-taṣḥīḥihī wa-al-taʻlīq ʻalayhi ʻAlī al-Khāqānī.</subfield>
  </datafield>
  <datafield tag="260" ind1=" " ind2=" ">
    <subfield code="a">Najaf,</subfield>
    <subfield code="c">1950-64.</subfield>
  </datafield>
  <datafield tag="300" ind1=" " ind2=" ">
    <subfield code="a">2 v. in 1.</subfield>
    <subfield code="c">24 cm.</subfield>
  </datafield>
  <datafield tag="490" ind1="1" ind2=" ">
    <subfield code="a">Manshūrāt Dār al-Bayān ;</subfield>
    <subfield code="v">4-5</subfield>
  </datafield>
  <datafield tag="830" ind1=" " ind2="0">
    <subfield code="a">Manshūrāt Dār al-Bayān ;</subfield>
    <subfield code="v">4-5.</subfield>
  </datafield>
  <datafield tag="955" ind1=" " ind2=" ">
    <subfield code="b">0036761621</subfield>
    <subfield code="d">glx</subfield>
    <subfield code="e">PJ7832.I435 D59</subfield>
  </datafield>
</record>
</collection>